<record><leader>00000cas a2200000 a 4500</leader><controlfield tag="001">233653076</controlfield><controlfield tag="008">080710c20019999dcumr ne      0   a0rum c</controlfield><datafield ind1=" " ind2=" " tag="010"><subfield code="a">  2009223264</subfield></datafield><datafield ind1=" " ind2=" " tag="040"><subfield code="a">UIU</subfield><subfield code="b">eng</subfield><subfield code="c">UIU</subfield><subfield code="d">CLU</subfield><subfield code="d">DLC</subfield><subfield code="d">OCLCQ</subfield><subfield code="d">OCLCF</subfield></datafield><datafield ind1="0" ind2=" " tag="022"><subfield code="a">2151-8521</subfield><subfield code="y">1553-6742</subfield><subfield code="2">14</subfield></datafield><datafield ind1="0" ind2=" " tag="041"><subfield code="a">rum</subfield><subfield code="a">eng</subfield></datafield><datafield ind1=" " ind2=" " tag="042"><subfield code="a">pcc</subfield><subfield code="a">nsdp</subfield></datafield><datafield ind1=" " ind2=" " tag="043"><subfield code="a">n-us---</subfield><subfield code="a">n-us-co</subfield></datafield><datafield ind1="1" ind2="0" tag="050"><subfield code="a">ISSN RECORD</subfield></datafield><datafield ind1="1" ind2="0" tag="082"><subfield code="a">055</subfield><subfield code="2">14</subfield></datafield><datafield ind1=" " ind2="0" tag="222"><subfield code="a">Ga&#770;ndacul de Colorado</subfield><subfield code="b">(Print)</subfield></datafield><datafield ind1="0" ind2="0" tag="245"><subfield code="a">Ga&#770;ndacul de Colorado.</subfield></datafield><datafield ind1="1" ind2="3" tag="246"><subfield code="a">Ga&#770;ndacul</subfield></datafield><datafield ind1=" " ind2=" " tag="260"><subfield code="a">Estes Park (Colo.) :</subfield><subfield code="b">Lucian Oprea</subfield></datafield><datafield ind1=" " ind2=" " tag="300"><subfield code="a">v. :</subfield><subfield code="b">ill. ;</subfield><subfield code="c">42 cm.</subfield></datafield><datafield ind1=" " ind2=" " tag="310"><subfield code="a">Monthly</subfield></datafield><datafield ind1="1" ind2=" " tag="362"><subfield code="a">Began with no. 1 (Dec. 2001).</subfield></datafield><datafield ind1=" " ind2=" " tag="500"><subfield code="a">&quot;Ziarul roma&#770;nilor de pretutindeni.&quot;</subfield></datafield><datafield ind1=" " ind2=" " tag="546"><subfield code="a">In Romanian with some English.</subfield></datafield><datafield ind1=" " ind2=" " tag="588"><subfield code="a">Description based on: An. 4, Nr. 46 (noiembrie 2005).</subfield></datafield><datafield ind1=" " ind2=" " tag="588"><subfield code="a">Latest issue consulted: An. 7, N4. 89 (junie 2009).</subfield></datafield><datafield ind1=" " ind2="0" tag="650"><subfield code="a">Romanians</subfield><subfield code="z">United States</subfield><subfield code="v">Newspapers.</subfield></datafield><datafield ind1=" " ind2="0" tag="650"><subfield code="a">Romanian Americans</subfield><subfield code="v">Newspapers.</subfield></datafield><datafield ind1=" " ind2="0" tag="651"><subfield code="a">Estes Park (Colo.)</subfield><subfield code="v">Newspapers.</subfield></datafield><datafield ind1=" " ind2="7" tag="655"><subfield code="a">Newspapers.</subfield><subfield code="2">fast</subfield><subfield code="0">(OCoLC)fst01423814</subfield></datafield><datafield ind1=" " ind2="7" tag="650"><subfield code="a">Romanian Americans.</subfield><subfield code="2">fast</subfield><subfield code="0">(OCoLC)fst01099946</subfield></datafield><datafield ind1=" " ind2="7" tag="650"><subfield code="a">Romanians.</subfield><subfield code="2">fast</subfield><subfield code="0">(OCoLC)fst01100068</subfield></datafield><datafield ind1=" " ind2="7" tag="651"><subfield code="a">Colorado</subfield><subfield code="z">Estes Park.</subfield><subfield code="2">fast</subfield><subfield code="0">(OCoLC)fst01211509</subfield></datafield><datafield ind1=" " ind2="7" tag="651"><subfield code="a">United States.</subfield><subfield code="2">fast</subfield><subfield code="0">(OCoLC)fst01204155</subfield></datafield><datafield ind1="1" ind2=" " tag="700"><subfield code="a">Oprea, Lucian.</subfield></datafield><datafield ind1=" " ind2=" " tag="752"><subfield code="a">United States</subfield><subfield code="b">Colorado</subfield><subfield code="c">Larimer</subfield><subfield code="d">Estes Park.</subfield></datafield><datafield ind1="0" ind2="8" tag="776"><subfield code="i">Online version:</subfield><subfield code="t">Gandacul de Colorado</subfield><subfield code="x">1553-6742</subfield><subfield code="w">(DLC)  2004215773</subfield><subfield code="w">(OCoLC)57030558</subfield></datafield><datafield ind1="4" ind2="1" tag="856"><subfield code="u">http://bibpurl.oclc.org/web/33837</subfield><subfield code="u">http://www.gandaculdecolorado.com/</subfield></datafield></record>